<record><leader>00000cas a22000007a 4500</leader><controlfield tag="001">22940547</controlfield><controlfield tag="008">910109d18811uuumnuwr ne      0    0dan d</controlfield><datafield ind1=" " ind2=" " tag="010"><subfield code="a">sn 90059950 </subfield></datafield><datafield ind1=" " ind2=" " tag="040"><subfield code="a">MN#</subfield><subfield code="b">eng</subfield><subfield code="c">MN#</subfield><subfield code="d">IWG</subfield><subfield code="d">OCLCQ</subfield><subfield code="d">OCLCF</subfield><subfield code="d">NVF</subfield><subfield code="d">OCLCO</subfield></datafield><datafield ind1=" " ind2=" " tag="019"><subfield code="a">1697110</subfield><subfield code="a">1771483</subfield><subfield code="a">15102500</subfield></datafield><datafield ind1="1" ind2=" " tag="029"><subfield code="a">AU@</subfield><subfield code="b">000025898657</subfield></datafield><datafield ind1=" " ind2=" " tag="042"><subfield code="a">msc</subfield></datafield><datafield ind1=" " ind2=" " tag="043"><subfield code="a">n-us-mn</subfield></datafield><datafield ind1=" " ind2=" " tag="052"><subfield code="a">4144</subfield><subfield code="b">T89</subfield></datafield><datafield ind1=" " ind2=" " tag="090"><subfield code="a">AP43</subfield><subfield code="b">.I42</subfield></datafield><datafield ind1="0" ind2="0" tag="245"><subfield code="a">Illustreret familie journal.</subfield></datafield><datafield ind1=" " ind2=" " tag="260"><subfield code="a">Minneapolis ;</subfield><subfield code="a">St. Paul :</subfield><subfield code="b">C. Rasmussen</subfield></datafield><datafield ind1=" " ind2=" " tag="300"><subfield code="a">v.</subfield></datafield><datafield ind1=" " ind2=" " tag="310"><subfield code="a">Weekly,</subfield><subfield code="b">&lt;Oct. 30, 1898-Dec. 31, 1899&gt;</subfield></datafield><datafield ind1=" " ind2=" " tag="321"><subfield code="a">Semimonthly,</subfield><subfield code="b">&lt;Nov. 1, 1888-June 6, 1889&gt;</subfield></datafield><datafield ind1="1" ind2=" " tag="362"><subfield code="a">Began in 1881.</subfield></datafield><datafield ind1=" " ind2=" " tag="500"><subfield code="a">Published at: Minneapolis, Minn., &lt;Oct. 30, 1898-Dec. 31, 1899&gt;.</subfield></datafield><datafield ind1=" " ind2=" " tag="500"><subfield code="a">"Illustreret ugeblad"s liter&#230;re afdeling.</subfield></datafield><datafield ind1=" " ind2=" " tag="530"><subfield code="a">Available on microfilm from the Minnesota Historical Society.</subfield></datafield><datafield ind1=" " ind2=" " tag="546"><subfield code="a">In Danish.</subfield></datafield><datafield ind1=" " ind2=" " tag="588"><subfield code="a">Description based on: 8de aarg., no. 43 og 44 (1ste nov. 1888).</subfield></datafield><datafield ind1=" " ind2="0" tag="650"><subfield code="a">Danes</subfield><subfield code="z">Minnesota</subfield><subfield code="v">Newspapers.</subfield></datafield><datafield ind1=" " ind2="7" tag="650"><subfield code="a">Danes.</subfield><subfield code="2">fast</subfield><subfield code="0">(OCoLC)fst00887617</subfield></datafield><datafield ind1=" " ind2="7" tag="651"><subfield code="a">Minnesota.</subfield><subfield code="2">fast</subfield><subfield code="0">(OCoLC)fst01204560</subfield></datafield><datafield ind1=" " ind2="7" tag="655"><subfield code="a">Newspapers.</subfield><subfield code="2">fast</subfield><subfield code="0">(OCoLC)fst01423814</subfield></datafield><datafield ind1=" " ind2=" " tag="752"><subfield code="a">United States</subfield><subfield code="b">Minnesota</subfield><subfield code="c">Hennepin</subfield><subfield code="d">Minneapolis.</subfield></datafield><datafield ind1=" " ind2=" " tag="752"><subfield code="a">United States</subfield><subfield code="b">Minnesota</subfield><subfield code="c">Ramsey</subfield><subfield code="d">Saint Paul.</subfield></datafield><datafield ind1="0" ind2=" " tag="775"><subfield code="t">Illustreret ugeblad (Chicago, Ill.)</subfield><subfield code="w">(DLC)sn 84024477</subfield><subfield code="w">(OCoLC)11091946</subfield></datafield></record>